<record><leader>00000cas a2200000 a 4500</leader><controlfield tag="001">33286989</controlfield><controlfield tag="008">951012d19uu1937fluwr ne      0    0eng c</controlfield><datafield ind1=" " ind2=" " tag="010"><subfield code="a">sn 95047194 </subfield></datafield><datafield ind1=" " ind2=" " tag="040"><subfield code="a">FUG</subfield><subfield code="b">eng</subfield><subfield code="c">FUG</subfield><subfield code="d">OCLCQ</subfield><subfield code="d">DLC</subfield><subfield code="d">OCLCQ</subfield><subfield code="d">OCLCF</subfield><subfield code="d">OCLCO</subfield></datafield><datafield ind1=" " ind2=" " tag="012"><subfield code="i">9510</subfield></datafield><datafield ind1=" " ind2=" " tag="042"><subfield code="a">pcc</subfield></datafield><datafield ind1=" " ind2=" " tag="043"><subfield code="a">n-us-fl</subfield></datafield><datafield ind1="0" ind2="0" tag="245"><subfield code="a">Lynn Haven free press.</subfield></datafield><datafield ind1=" " ind2=" " tag="260"><subfield code="a">Lynn Haven, Fla. :</subfield><subfield code="b">L.C. West,</subfield><subfield code="c">-1937.</subfield></datafield><datafield ind1=" " ind2=" " tag="300"><subfield code="a">v.</subfield></datafield><datafield ind1=" " ind2=" " tag="310"><subfield code="a">Weekly</subfield></datafield><datafield ind1="0" ind2=" " tag="362"><subfield code="a">-v. 11, no. 41 (Mar. 20, 1937).</subfield></datafield><datafield ind1=" " ind2=" " tag="500"><subfield code="a">"On beautiful St. Andrews Bay."</subfield></datafield><datafield ind1=" " ind2=" " tag="588"><subfield code="a">Description based on: Vol. 6, no. 43 (Jan. 2, 1932).</subfield></datafield><datafield ind1=" " ind2="0" tag="651"><subfield code="a">Lynn Haven (Fla.)</subfield><subfield code="v">Newspapers.</subfield></datafield><datafield ind1=" " ind2="0" tag="651"><subfield code="a">Bay County (Fla.)</subfield><subfield code="v">Newspapers.</subfield></datafield><datafield ind1=" " ind2="7" tag="655"><subfield code="a">Newspapers.</subfield><subfield code="2">fast</subfield><subfield code="0">(OCoLC)fst01423814</subfield></datafield><datafield ind1=" " ind2="7" tag="651"><subfield code="a">Florida</subfield><subfield code="z">Bay County.</subfield><subfield code="2">fast</subfield><subfield code="0">(OCoLC)fst01213144</subfield></datafield><datafield ind1=" " ind2="7" tag="651"><subfield code="a">Florida</subfield><subfield code="z">Lynn Haven.</subfield><subfield code="2">fast</subfield><subfield code="0">(OCoLC)fst01229152</subfield></datafield><datafield ind1=" " ind2=" " tag="752"><subfield code="a">United States</subfield><subfield code="b">Florida</subfield><subfield code="c">Bay</subfield><subfield code="d">Lynn Haven.</subfield></datafield><datafield ind1="0" ind2="4" tag="785"><subfield code="t">Panama City pilot</subfield><subfield code="x">1943-8842</subfield><subfield code="w">(DLC)sn 88084205</subfield><subfield code="w">(OCoLC)18434937</subfield></datafield><datafield ind1=" " ind2=" " tag="850"><subfield code="a">FU</subfield></datafield></record>